@misc{Ammar2024,
   author = {Imene Ben Ammar and Julian Dobler and Yannik Queisler},
   title = {Project Machine Learning -- Milestone 1},
   year = {2024},
}

@misc{Alon1997,
   author = {Noga Alon and Shai Ben-david and David Haussler and N Cesa-Bianchi},
   issue = {4},
   journal = {Journal of the ACM},
   keywords = {I26 [Artificial Intelligence]: Learning-Concept learning General Terms: Theory Additional Key Words and Phases: PAC learning,Vapnik-Cher-vonenkis dimension,uniform laws of large numbers},
   pages = {615-631},
   publisher = {IEEE},
   title = {Scale-Sensitive Dimensions, Uniform Convergence, and Learnability},
   volume = {44},
   year = {1997},
}


@article{Androcec2020,
   author = {Andročec, Darko},
   title = {Machine Learning Methods for Toxic Comment Classification: A Systematic Review},
   journal = {Acta Universitatis Sapientiae, Informatica},
   volume = {12},
   number = {2},
   pages = {205--216},
   year = {2020},
   doi = {10.2478/ausi-2020-0012}
}

@inproceedings{Anand2019,
   author = {Anand, Mukul and Eswari, R},
   title = {Classification of Abusive Comments in Social Media Using Deep Learning},
   booktitle = {2019 3rd International Conference on Computing Methodologies and Communication (ICCMC)},
   pages = {974--977},
   year = {2019},
   organization = {IEEE}
}

@article{Bojanowski2017,
   author = {Bojanowski, Piotr and Grave, Edouard and Joulin, Armand and Mikolov, Tomas},
   title = {Enriching Word Vectors with Subword Information},
   journal = {Transactions of the Association for Computational Linguistics},
   year = {2017},
   doi = {10.1162/tacl_a_00051}
}

@article{Breiman2001,
   author = {Breiman, Leo},
   title = {Random Forests},
   journal = {Machine Learning},
   volume = {45},
   pages = {5--32},
   year = {2001}
}

@inproceedings{Cer2018,
   author = {Cer, Daniel and Yang, Yinfei and Kong, Sheng-yi and Hua, Nan and Limtiaco, Nicole and St. John, Rhomni and Constant, Noah and Guajardo-C{\'{e}}spedes, Mario and Yuan, Steve and Tar, Chris and Sung, Yun-Hsuan and Strope, Brian and Kurzweil, Ray},
   title = {Universal Sentence Encoder for English},
   booktitle = {Proceedings of the 2018 Conference on Empirical Methods in Natural Language Processing: System Demonstrations},
   pages = {169--174},
   year = {2018}
}

@inproceedings{Chakrabarty2020,
   author = {Chakrabarty, Navoneel},
   title = {A Machine Learning Approach to Comment Toxicity Classification},
   booktitle = {Computational Intelligence in Pattern Recognition: Proceedings of CIPR 2019},
   pages = {183--193},
   year = {2020},
   publisher = {Springer}
}

@article{Chang2011,
   author = {Chang, Chih-Chung and Lin, Chih-Jen},
   title = {{LIBSVM}: A Library for Support Vector Machines},
   journal = {ACM Transactions on Intelligent Systems and Technology},
   volume = {2},
   number = {3},
   pages = {27:1--27:27},
   year = {2011},
   doi = {10.1145/1961189.1961199}
}

@article{Chawla2002,
   author = {Chawla, Nitesh V. and Bowyer, Kevin W. and Hall, Lawrence O. and Kegelmeyer, W. Philip},
   title = {{SMOTE}: Synthetic Minority Over-sampling Technique},
   journal = {Journal of Artificial Intelligence Research},
   volume = {16},
   pages = {321--357},
   year = {2002},
   doi = {10.1613/jair.953}
}

@article{Deerwester1990,
   author = {Deerwester, Scott and Dumais, Susan T. and Furnas, George W. and Landauer, Thomas K. and Harshman, Richard},
   title = {Indexing by Latent Semantic Analysis},
   journal = {Journal of the American Society for Information Science},
   volume = {41},
   number = {6},
   pages = {391--407},
   year = {1990}
}

@article{Devlin2019,
   author = {Devlin, Jacob and Chang, Ming-Wei and Lee, Kenton and Toutanova, Kristina},
   title = {{BERT}: Pre-training of Deep Bidirectional Transformers for Language Understanding},
   journal = {Proceedings of NAACL-HLT},
   pages = {4171--4186},
   year = {2019}
}

@article{Duchene2023,
   author = {Duchene, Corentin and Jamet, Henri and Guillaume, Pierre and Dehak, Reda},
   title = {A Benchmark for Toxic Comment Classification on Civil Comments Dataset},
   journal = {arXiv preprint arXiv:2301.11125},
   year = {2023}
}

@article{Ezen2020,
   author = {Ezen-Can, Aysu},
   title = {A Comparison of {LSTM} and {BERT} for Small Corpus},
   journal = {arXiv preprint arXiv:2009.05451},
   year = {2020}
}

@inproceedings{Georgakopoulos2018,
   author = {Georgakopoulos, Spiros V. and Tasoulis, Sotiris K. and Vrahatis, Aristidis G. and Plagianakos, Vassilis P.},
   title = {Convolutional Neural Networks for Toxic Comment Classification},
   booktitle = {Proceedings of the 10th Hellenic Conference on Artificial Intelligence},
   pages = {1--6},
   year = {2018}
}

@inproceedings{Gladwin2022,
   author = {Gladwin, Ivander and Renjiro, Evan Vitto and Valerian, Bryan and Edbert, Ivan Sebastian and Suhartono, Derwin},
   title = {Toxic Comment Identification and Classification using {BERT} and {SVM}},
   booktitle = {2022 8th International Conference on Science and Technology (ICST)},
   pages = {1--6},
   year = {2022},
   organization = {IEEE},
   doi = {10.1109/ICST56971.2022.10136295}
}

@inproceedings{Grover2016,
   author = {Grover, Aditya and Leskovec, Jure},
   title = {node2vec: Scalable Feature Learning for Networks},
   booktitle = {Proceedings of the 22nd ACM SIGKDD International Conference on Knowledge Discovery and Data Mining},
   pages = {855--864},
   year = {2016},
   doi = {10.1145/2939672.2939754}
}

@book{Hilbe2011,
   author = {Hilbe, Joseph M.},
   title = {Logistic Regression},
   year = {2011},
   isbn = {978-3-642-04897-5}
}

@misc{Jigsaw2019,
   author = {{Jigsaw/Conversation AI}},
   title = {Jigsaw Unintended Bias in Toxicity Classification},
   year = {2019},
   howpublished = {\url{https://www.kaggle.com/c/jigsaw-unintended-bias-in-toxicity-classification}}
}

@inproceedings{Lewis1998,
   author = {Lewis, David D.},
   title = {Naive {(Bayes)} at Forty: The Independence Assumption in Information Retrieval},
   booktitle = {Machine Learning: ECML-98},
   year = {1998},
   isbn = {978-3-540-64417-0}
}

@article{Liu2019,
   author = {Yinhan Liu and Myle Ott and Naman Goyal and Jingfei Du and Mandar Joshi and Danqi Chen and Omer Levy and Mike Lewis and Luke Zettlemoyer and Veselin Stoyanov},
   month = {7},
   title = {RoBERTa: A Robustly Optimized BERT Pretraining Approach},
   url = {http://arxiv.org/abs/1907.11692},
   year = {2019},
}


@article{Loshchilov2017,
   author = {Ilya Loshchilov and Frank Hutter},
   month = {11},
   title = {Decoupled Weight Decay Regularization},
   url = {http://arxiv.org/abs/1711.05101},
   year = {2017},
}

@book{Manning2008,
   author = {Manning, Christopher D. and Raghavan, Prabhakar and Schütze, Hinrich},
   title = {Introduction to Information Retrieval},
   year = {2008},
   isbn = {0521865719},
   publisher = {Cambridge University Press}
}

@article{Mikolov2013,
   author = {Mikolov, Tomas and Chen, Kai and Corrado, Greg and Dean, Jeffrey},
   title = {Efficient Estimation of Word Representations in Vector Space},
   journal = {arXiv preprint arXiv:1301.3781},
   year = {2013}
}

@inproceedings{Nabila2024,
   author = {Putri Nabila and Erwin Budi Setiawan},
   doi = {10.1109/icodsa62899.2024.10651619},
   isbn = {9798350365351},
   month = {9},
   pages = {346-351},
   publisher = {Institute of Electrical and Electronics Engineers (IEEE)},
   title = {Adam and AdamW Optimization Algorithm Application on BERT Model for Hate Speech Detection on Twitter},
   year = {2024},
}

@article{Ozoh2019,
   author = {Ozoh, P. A. and Adigun, Adepeju Abeke and Olayiwola, M. O.},
   title = {Identification and Classification of Toxic Comments on Social Media Using Machine Learning Techniques},
   journal = {International Journal of Research and Innovation in Applied Science (IJRIAS)},
   volume = {4},
   number = {11},
   pages = {142--147},
   year = {2019}
}

@article{Pennington2014,
   author = {Pennington, Jeffrey and Socher, Richard and Manning, Christopher D.},
   title = {{GloVe}: Global Vectors for Word Representation},
   journal = {Proceedings of the 2014 Conference on Empirical Methods in Natural Language Processing (EMNLP)},
   pages = {1532--1543},
   year = {2014}
}

@article{Perozzi2014,
   author = {Perozzi, Bryan and Al-Rfou, Rami and Skiena, Steven},
   title = {{DeepWalk}: Online Learning of Social Representations},
   journal = {Proceedings of the 20th ACM SIGKDD International Conference on Knowledge Discovery and Data Mining},
   year = {2014},
   doi = {10.1145/2623330.2623732}
}

@inproceedings{Putrada2023,
   author = {Aji Gautama Putrada and Nur Alamsyah and Mohamad Nurkamal Fauzan},
   doi = {10.1109/ICoDSA58501.2023.10276800},
   isbn = {9798350305197},
   booktitle = {2023 International Conference on Data Science and Its Applications, ICoDSA 2023},
   keywords = {adamW,bidirectional encoder representation transformer,distilBERT,rotten tomatoes,sentiment analysis,text classification},
   pages = {111-116},
   publisher = {Institute of Electrical and Electronics Engineers Inc.},
   title = {BERT for Sentiment Analysis on Rotten Tomatoes Reviews},
   year = {2023},
}


@misc{PyTorch2023,
   author = {PyTorch Contributors},
   title = {Distributed Data Parallel},
   url = {https://pytorch.org/docs/stable/notes/ddp.html},
   year = {2023},
}

@misc{PyTorch2023a,
   author = {PyTorch Contributors},
   title = {Automatic Mixed Precision package - torch.amp},
   url = {https://pytorch.org/docs/stable/amp.html},
   year = {2023},
}

@misc{PyTorch2023b,
   author = {PyTorch Contributors},
   title = {BCEWithLogitsLoss},
   url = {https://pytorch.org/docs/stable/generated/torch.nn.BCEWithLogitsLoss.html},
   year = {2023},
}

@misc{Queisler2024,
   author = {Queisler and Dobler and Ammar},
   title = {{PML-BERT}: Pre-trained Transformers for Machine Learning},
   year = {2024},
   howpublished = {\url{https://github.com/devWhyqueue/pml-bert}},
   note = {Accessed: 2024-11-22}
}

@article{Radford2019,
   author = {Radford, Alec and Wu, Jeffrey and Child, Rewon and Luan, David and Amodei, Dario and Sutskever, Ilya},
   title = {Language Models are Unsupervised Multitask Learners},
   journal = {OpenAI Blog},
   year = {2019}
}

@book{Salton1989,
   author = {Salton, Gerard},
   title = {Automatic Text Processing: The Transformation Analysis and Retrieval of Information by Computer},
   year = {1989},
   publisher = {Addison-Wesley}
}

@article{Sharma2018,
   author = {Sharma, Revati and Patel, Meetkumar},
   title = {Toxic Comment Classification Using Neural Networks and Machine Learning},
   journal = {International Advanced Research Journal in Science, Engineering and Technology},
   volume = {5},
   number = {9},
   year = {2018}
}

@article{SparkJones1972,
   author = {Sparck Jones, Karen},
   title = {A Statistical Interpretation of Term Specificity and its Application in Retrieval},
   journal = {Journal of Documentation},
   volume = {28},
   number = {1},
   pages = {11--21},
   year = {1972},
   publisher = {MCB UP Ltd}
}

@article{Tan2022,
   author = {Tan, Kian Long and Lee, Chin Poo and Anbananthen, Kalaiarasi Sonai Muthu and Lim, Kian Ming},
   title = {{RoBERTa-LSTM}: A Hybrid Model for Sentiment Analysis with Transformer and Recurrent Neural Network},
   journal = {IEEE Access},
   volume = {10},
   pages = {21517--21525},
   year = {2022},
   publisher = {IEEE}
}

@article{Blei2003,
   author = {Blei, David M. and Ng, Andrew Y. and Jordan, Michael I.},
   title = {Latent {Dirichlet} Allocation},
   journal = {Journal of Machine Learning Research},
   volume = {3},
   pages = {993--1022},
   year = {2003}
}

@inproceedings{Husnain2021,
   author = {Husnain, Muhammad and Khalid, Adnan and Shafi, Numan},
   title = {A Novel Preprocessing Technique for Toxic Comment Classification},
   booktitle = {2021 International Conference on Artificial Intelligence (ICAI)},
   pages = {22--27},
   year = {2021},
   publisher = {IEEE},
   doi = {10.1109/ICAI52203.2021.9445252}
}

@misc{Jigsaw2017,
   author = {{Jigsaw/Conversation AI}},
   title = {Toxic Comment Classification Challenge},
   year = {2017},
   howpublished = {\url{https://www.kaggle.com/c/jigsaw-toxic-comment-classification-challenge}}
}

@article{Kurniasih2022,
   author = {Aliyah Kurniasih and Lindung Parningotan Manik},
   doi = {10.14569/IJACSA.2022.01306109},
   issn = {21565570},
   issue = {6},
   journal = {International Journal of Advanced Computer Science and Applications},
   keywords = {Bert embeddings,Deep neural network,Natural language processing,Text preprocessing},
   pages = {927-934},
   publisher = {Science and Information Organization},
   title = {On the Role of Text Preprocessing in BERT Embedding-based DNNs for Classifying Informal Texts},
   volume = {13},
   year = {2022},
}

@article{Kundu2023,
   author = {Souvik Kundu and Sharath Nittur Sridhar and Maciej Szankin and Sairam Sundaresan},
   month = {7},
   title = {Sensi-BERT: Towards Sensitivity Driven Fine-Tuning for Parameter-Efficient BERT},
   url = {http://arxiv.org/abs/2307.11764},
   year = {2023},
}



@inproceedings{Riduan2021,
   author = {Riduan, Gusti Muhammad and Soesanti, Indah and Adji, Teguh Bharata},
   title = {A Systematic Literature Review of Text Classification: Datasets and Methods},
   booktitle = {2021 5th International Conference on Information Technology, Information Systems and Electrical Engineering (ICITISEE)},
   pages = {71--77},
   year = {2021},
   publisher = {IEEE},
   doi = {10.1109/ICITISEE53823.2021.9655788}
}

@article{Smith2017,
   author = {Samuel L. Smith and Pieter-Jan Kindermans and Chris Ying and Quoc V. Le},
   month = {11},
   title = {Don't Decay the Learning Rate, Increase the Batch Size},
   url = {http://arxiv.org/abs/1711.00489},
   year = {2017},
}


@article{Zaheri2020,
   author = {Zaheri, Sara and Leath, Jeff and Stroud, David},
   title = {Toxic Comment Classification},
   journal = {SMU Data Science Review},
   volume = {3},
   number = {1},
   pages = {13},
   year = {2020},
   url = {https://scholar.smu.edu/datasciencereview/vol3/iss1/13}
}
@article{radford2018improving,
  title={Improving language understanding by generative pre-training},
  author={Radford, Alec},
  year={2018}
}
@article{vaswani2017attention,
  title={Attention is all you need},
  author={Vaswani, A},
  journal={Advances in Neural Information Processing Systems},
  year={2017}
}
@article{lee2021auber,
  title={Auber: automated bert regularization},
  author={Lee, Hyun Dong and Lee, Seongmin and Kang, U},
  journal={Plos one},
  volume={16},
  number={6},
  pages={e0253241},
  year={2021},
  publisher={Public Library of Science San Francisco, CA USA}
}
@inproceedings{vucetic2022efficient,
  title={Efficient fine-tuning of bert models on the edge},
  author={Vucetic, Danilo and Tayaranian, Mohammadreza and Ziaeefard, Maryam and Clark, James J and Meyer, Brett H and Gross, Warren J},
  booktitle={2022 IEEE International Symposium on Circuits and Systems (ISCAS)},
  pages={1838--1842},
  year={2022},
  organization={IEEE}
}

@misc{Yagci2024,
   author = {Utku Ugur Yagci and Ahmet Emirhan Kolcak and Egemen Iscan},
   pages = {195-198},
   title = {ReBERT at HSD-2Lang 2024: Fine-Tuning BERT with AdamW for Hate Speech Detection in Arabic and Turkish},
   year = {2024},
}

@misc{Vapnik1982,
   author = {Vladimir Vapnik},
   isbn = {0-387-30865-2},
   title = {Estimation of Dependences Based on Empirical Data},
   year = {1982},
}

@inproceedings{Zhao2021,
   author = {Zhixue Zhao and Ziqi Zhang and Frank Hopfgartner},
   doi = {10.1145/3442442.3452313},
   isbn = {9781450383134},
   booktitle = {The Web Conference 2021 - Companion of the World Wide Web Conference, WWW 2021},
   keywords = {BERT,RoBERTa,XLM,fine-Tuning,hate speech,language model,neural networks,pre-Training,toxic comment},
   month = {4},
   pages = {500-507},
   publisher = {Association for Computing Machinery, Inc},
   title = {A Comparative Study of Using Pre-Trained Language Models for Toxic Comment Classification},
   year = {2021},
}

@article{Zhou2021,
   author = {Yichu Zhou and Vivek Srikumar},
   month = {6},
   title = {A Closer Look at How Fine-tuning Changes BERT},
   url = {http://arxiv.org/abs/2106.14282},
   year = {2021},
}

@inproceedings{guo2017calibration,
  title={On calibration of modern neural networks},
  author={Guo, Chuan and Pleiss, Geoff and Sun, Yu and Weinberger, Kilian Q},
  booktitle={International conference on machine learning},
  pages={1321--1330},
  year={2017},
  organization={PMLR}
}